<record><leader>00000cas a22000007a 4500</leader><controlfield tag="001">20496796</controlfield><controlfield tag="008">891016d188u192umduwr ne      0    0eng d</controlfield><datafield ind1=" " ind2=" " tag="010"><subfield code="a">sn 89060203 </subfield></datafield><datafield ind1=" " ind2=" " tag="040"><subfield code="a">MFN</subfield><subfield code="b">eng</subfield><subfield code="c">MFN</subfield><subfield code="d">OCLCQ</subfield></datafield><datafield ind1=" " ind2=" " tag="042"><subfield code="a">msc</subfield></datafield><datafield ind1="0" ind2="4" tag="245"><subfield code="a">The Cecil star.</subfield></datafield><datafield ind1=" " ind2=" " tag="260"><subfield code="a">North East, Md. :</subfield><subfield code="b">Geo. O. Garey</subfield></datafield><datafield ind1=" " ind2=" " tag="300"><subfield code="a">v.</subfield></datafield><datafield ind1=" " ind2=" " tag="310"><subfield code="a">Weekly</subfield></datafield><datafield ind1=" " ind2=" " tag="588"><subfield code="a">Description based on: Vol. 5, no. 13 (Oct. 23, 1886).</subfield></datafield><datafield ind1=" " ind2=" " tag="752"><subfield code="a">United States</subfield><subfield code="b">Maryland</subfield><subfield code="c">Cecil</subfield><subfield code="d">North East.</subfield></datafield><datafield ind1="0" ind2="0" tag="780"><subfield code="t">North East star</subfield><subfield code="w">(DLC)sn 89060056</subfield></datafield><datafield ind1="0" ind2="0" tag="785"><subfield code="t">Cecil County star</subfield><subfield code="w">(DLC)sn 89060204</subfield></datafield></record>